@phdthesis{Hoz21,
  title={Automated Generation of Exam Sheets for Automated Deduction},
  author={Petra Hozzová and Laura Kovács and Jakob Rath},
  year={2021},
  school={TU Wien},
  pages={185--196}
}

@phdthesis{Sad12,
  title={Automating Exercise Generation: A Step towards Meeting the MOOC Challenge for Embedded Systems},
  author={Dorsa Sadigh and Sanjit A. Seshia and Mona Gupta},
  year={2012},
  school={UC Berkeley}
}

@masterthesis{Esh22,
  title={AUTOMATED EXERCISE GENERATION FOR THREE SATISFIABILITY CHECKING ALGORITHMS},
  author={Greda Eshiba-Emir},
  year={2022},
  school={RWTH Aachen}
}

@phdthesis{Kot19,
  title={DaST: An Online Platform for Automated Exercise Generation and Solving in the Data Science Domain},
  author={Charis Kotsiopoulos and Ioannis Doudoumis and Paraskevi Raftopoulou and Christos Tryfonopoulos},
  year={2019},
  school={University of Peloponnese}
}

@misc{Nor21,
  title = {COMPSCI4009 Algorithmics 1 Course Notes},
  author = {Gethin Norman},
  year = {2021}
}

@misc{And22,
  title = {COMPSCI2026 Algorithmics Course Notes},
  author = {Oana Andrei},
  year = {2022}
}